@book{ bohatta,
author = "Hanns Bohatta",
title = "Bibliographie der Breviere: 1501-1850",
edition = "2. unver√§nderte Aufl.",
location = "Stuttgart",
publisher = "Anton Hiersemann",
year = "1963"
}

@book{ pontanus1590,
author = "Georgius Bartholdus",
shorttitle = "Hymni",
title = "Hymni in laudem beatissimae et gloriosissimae Virginis Mariae, sanctorum angelorum, nec non specialiter cuiusque sancti patroni huius inclyti regni Bohemiae",
location = "Pragae",
publisher = "G. Nigrinus",
year = "1590"
}
